%%% -*-BibTeX-*-
%%% ====================================================================
%%% This is a collection of sample BibTeX entries that have been
%%% prettyprinted by bibclean, ordered by biborder, and sorted by
%%% bibsort.
%%%
%%% Bibliography tools available on *.math.utah.edu are documented
%%% by the standard Unix "man" command, and include at least these:
%%%
%%%     bibcheck
%%%     bibclean
%%%     bibdup
%%%     bibextract
%%%     bibjoin
%%%     biblabel
%%%     biblex
%%%     biborder
%%%     bibparse
%%%     bibsearch
%%%     bibsort
%%%     bibsplit
%%%     bibsql
%%%     bibtex
%%%     bibtosql
%%%     bibunlex
%%%
%%% [30-Mar-2016]
%%% ====================================================================

@Preamble{
 "\def \noopsort #1{}"
}

%%% ====================================================================
%%% Journal abbreviations:

@String{j-ANN-HIST-COMPUT       = "Annals of the History of Computing"}

@String{j-ANN-MATH              = "Annals of Mathematics"}

@String{j-ANN-PHYS-1900-4       = "Annalen der Physik (1900) (series 4)"}

@String{j-BELL-SYST-TECH-J      = "The Bell System Technical Journal"}

@String{j-CBM                   = "Computers in Biology and Medicine"}

@String{j-COMPUTER              = "Computer"}

@String{j-HIST-STUD-PHYS-SCI    = "Historical Studies in the Physical Sciences"}

@String{j-J-STAT-PLANN-INFERENCE = "Journal of Statistical Planning and
                                  Inference"}

@String{j-MATH-TABLES-OTHER-AIDS-COMPUT = "Mathematical Tables and Other Aids
                                  to Computation"}

@String{j-MONTHLY-NOT-ROY-ASTRON-SOC = "Monthly Notices of the Royal
                                  Astronomical Society"}

@String{j-PROBAB-THEORY-RELAT-FIELDS = "Probability Theory and Related Fields"}

@String{j-SCI-AMER              = "Scientific American"}

%%% ====================================================================
%%% Publishers and their addresses:

@String{pub-AW                  = "Ad{\-d}i{\-s}on-Wes{\-l}ey"}
@String{pub-AW:adr              = "Reading, MA, USA"}

@String{pub-BASIC-BOOKS         = "Basic Books"}
@String{pub-BASIC-BOOKS:adr     = "New York, NY, USA"}

@String{pub-CSLI                = "CSLI Publications"}
@String{pub-CSLI:adr            = "Stanford, CA, USA"}

@String{pub-CAMBRIDGE           = "Cambridge University Press"}
@String{pub-CAMBRIDGE:adr       = "Cambridge, UK"}

@String{pub-ELSEVIER            = "Elsevier"}
@String{pub-ELSEVIER:adr        = "Amsterdam, The Netherlands"}

@String{pub-ORA-MEDIA           = "O'Reilly Media, Inc."}
@String{pub-ORA-MEDIA:adr       = "1005 Gravenstein Highway North,
                                   Sebastopol, CA 95472, USA"}

@String{pub-SV                  = "Springer-Verlag"}
@String{pub-SV:adr              = "Berlin, Germany~/ Heidelberg, Germany~/
                                   London, UK~/ etc."}

@String{pub-WALKER              = "Walker and Company"}
@String{pub-WALKER:adr          = "435 Hudson Street, New York, NY 10014, USA"}

%%% ====================================================================
%%% Bibliography entries, sorted by citation key, with ``bibsort'':

@Manual{Adobe:1990:AFM,
  title =        "{Adobe} font metric files specification --- Version
                 3.0",
  type =         "Adobe PN",
  number =       "LPS5004",
  organization = "PostScript Developer Tools \& Strategies Group, Adobe
                 Systems Inc.",
  address =      "Mountain View, CA, USA",
  month =        mar,
  year =         "1990",
  bibdate =      "Sat Oct 21 17:15:47 2000",
  bibsource =    "http://www.math.utah.edu/pub/tex/bib/font.bib;
                 Misc/IMMD_IV.bib",
}
@string{OSDI02 = "Proc.\ of the Fifth Symposium on Operating Systems Design and Implementation"}
@string{USENIXASSOC = "{USENIX} {Association}"}

@InProceedings{White+:osdi02,
        Author = {Brian White and Jay Lepreau and Leigh Stoller and
                  Robert Ricci and Shashi Guruprasad and Mac Newbold and
                  Mike Hibler and Chad Barb and Abhijeet Joglekar},
        Title={An Integrated Experimental Environment
                 for Distributed Systems and Networks},
        booktitle = OSDI02,
	organization = USENIXASSOC,
        address = {Boston, MA},
        month  = dec,
        year   = 2002,
	pages  = "255--270"
}

@inproceedings{arthur2007k,
  title={k-means++: The advantages of careful seeding},
  author={Arthur, David and Vassilvitskii, Sergei},
  booktitle={Proceedings of the eighteenth annual ACM-SIAM symposium on Discrete algorithms},
  pages={1027--1035},
  year={2007},
  organization={Society for Industrial and Applied Mathematics}
}

@article{gao2005towards,
  title={Towards a high-speed routerbased anomaly/intrusion detection system},
  author={Gao, Yan and Li, Zhichun and Chen, Yan},
  journal={Technical Report},
  year={2005}
}

@incollection{strayer2008botnet,
  title={Botnet detection based on network behavior},
  author={Strayer, W Timothy and Lapsely, David and Walsh, Robert and Livadas, Carl},
  booktitle={Botnet detection},
  pages={1--24},
  year={2008},
  publisher={Springer}
}


@inproceedings{livadas2006usilng,
  title={Usilng machine learning technliques to identify botnet traffic},
  author={Livadas, Carl and Walsh, Robert and Lapsley, David and Strayer, W Timothy},
  booktitle={Local Computer Networks, Proceedings 2006 31st IEEE Conference on},
  pages={967--974},
  year={2006},
  organization={IEEE}
}

@inproceedings{diibendorfer2005host,
  title={Host behaviour based early detection of worm outbreaks in internet backbones},
  author={Diibendorfer, T and Plattner, Bernhard},
  booktitle={Enabling Technologies: Infrastructure for Collaborative Enterprise, 2005. 14th IEEE International Workshops on},
  pages={166--171},
  year={2005},
  organization={IEEE}
}

@inproceedings{dubendorfer2005framework,
  title={A framework for real-time worm attack detection and backbone monitoring},
  author={Dubendorfer, Thomas and Wagner, Arno and Plattner, Bernhard},
  booktitle={Critical Infrastructure Protection, First IEEE International Workshop on},
  pages={10--pp},
  year={2005},
  organization={IEEE}
}

@article{karasaridis2007wide,
  title={Wide-Scale Botnet Detection and Characterization.},
  author={Karasaridis, Anestis and Rexroad, Brian and Hoeflin, David A and others},
  journal={HotBots},
  volume={7},
  pages={7--7},
  year={2007}
}

@article{zhao2006detection,
  title={Detection of super sources and destinations in high-speed networks: Algorithms, analysis and evaluation},
  author={Zhao, Qi and Xu, Jun and Kumar, Abhishek},
  journal={IEEE Journal on Selected Areas in Communications},
  volume={24},
  number={10},
  pages={1840--1852},
  year={2006},
  publisher={IEEE}
}

@inproceedings{gao2006resilient,
  title={A dos resilient flow-level intrusion detection approach for high-speed networks},
  author={Gao, Yan and Li, Zhichun and Chen, Yan},
  booktitle={Distributed Computing Systems, 2006. ICDCS 2006. 26th IEEE International Conference on},
  pages={39--39},
  year={2006},
  organization={IEEE}
}

@article{buczak2016survey,
  title={A survey of data mining and machine learning methods for cyber security intrusion detection},
  author={Buczak, Anna L and Guven, Erhan},
  journal={IEEE Communications Surveys \& Tutorials},
  volume={18},
  number={2},
  pages={1153--1176},
  year={2016},
  publisher={IEEE}
}

@article{bhuyan2014network,
  title={Network anomaly detection: methods, systems and tools},
  author={Bhuyan, Monowar H and Bhattacharyya, Dhruba Kumar and Kalita, Jugal K},
  journal={Ieee communications surveys \& tutorials},
  volume={16},
  number={1},
  pages={303--336},
  year={2014},
  publisher={IEEE}
}

@article{garcia2009anomaly,
  title={Anomaly-based network intrusion detection: Techniques, systems and challenges},
  author={Garcia-Teodoro, Pedro and Diaz-Verdejo, J and Maci{\'a}-Fern{\'a}ndez, Gabriel and V{\'a}zquez, Enrique},
  journal={computers \& security},
  volume={28},
  number={1},
  pages={18--28},
  year={2009},
  publisher={Elsevier}
}

@article{zhang2003intrusion,
  title={Intrusion detection techniques for mobile wireless networks},
  author={Zhang, Yongguang and Lee, Wenke and Huang, Yi-An},
  journal={Wireless Networks},
  volume={9},
  number={5},
  pages={545--556},
  year={2003},
  publisher={Springer-Verlag New York, Inc.}
}

@article{nguyen2008survey,
  title={A survey of techniques for internet traffic classification using machine learning},
  author={Nguyen, Thuy TT and Armitage, Grenville},
  journal={IEEE Communications Surveys \& Tutorials},
  volume={10},
  number={4},
  pages={56--76},
  year={2008},
  publisher={IEEE}
}

@article{wolf2014choicenet,
  title={ChoiceNet: toward an economy plane for the Internet},
  author={Wolf, Tilman and Griffioen, James and Calvert, Kenneth L and Dutta, Rudra and Rouskas, George N and Baldin, Ilya and Nagurney, Anna},
  journal={ACM SIGCOMM Computer Communication Review},
  volume={44},
  number={3},
  pages={58--65},
  year={2014},
  publisher={ACM}
}

@inproceedings{moore2005internet,
  title={Internet traffic classification using bayesian analysis techniques},
  author={Moore, Andrew W and Zuev, Denis},
  booktitle={ACM SIGMETRICS Performance Evaluation Review},
  volume={33},
  number={1},
  pages={50--60},
  year={2005},
  organization={ACM}
}

@article{auld2007bayesian,
  title={Bayesian neural networks for internet traffic classification},
  author={Auld, Tom and Moore, Andrew W and Gull, Stephen F},
  journal={IEEE Transactions on neural networks},
  volume={18},
  number={1},
  pages={223--239},
  year={2007},
  publisher={IEEE}
}

@inproceedings{dash2002feature,
  title={Feature selection for clustering-a filter solution},
  author={Dash, Manoranjan and Choi, Kiseok and Scheuermann, Peter and Liu, Huan},
  booktitle={Data Mining, 2002. ICDM 2003. Proceedings. 2002 IEEE International Conference on},
  pages={115--122},
  year={2002},
  organization={IEEE}
}

@article{doi:10.1093/comjnl/26.4.354,
author = {Murtagh, F.},
title = {A Survey of Recent Advances in Hierarchical Clustering Algorithms},
journal = {The Computer Journal},
volume = {26},
number = {4},
pages = {354-359},
year = {1983},
doi = {10.1093/comjnl/26.4.354},
URL = { + http://dx.doi.org/10.1093/comjnl/26.4.354},
eprint = {/oup/backfile/content_public/journal/comjnl/26/4/10.1093/comjnl/26.4.354/2/26-4-354.pdf}
}

@inproceedings{boutsidis2009unsupervised,
  title={Unsupervised feature selection for the $ k $-means clustering problem},
  author={Boutsidis, Christos and Drineas, Petros and Mahoney, Michael W},
  booktitle={Advances in Neural Information Processing Systems},
  pages={153--161},
  year={2009}
}
@MISC{Derpanis06k-meansclustering,
    author = {Konstantinos G. Derpanis},
    title = {K-Means Clustering},
    year = {2006}
}

@article{bernaille2006traffic,
  title={Traffic classification on the fly},
  author={Bernaille, Laurent and Teixeira, Renata and Akodkenou, Ismael and Soule, Augustin and Salamatian, Kave},
  journal={ACM SIGCOMM Computer Communication Review},
  volume={36},
  number={2},
  pages={23--26},
  year={2006},
  publisher={ACM}
}

@inproceedings{erman2007semi,
  title={Semi-supervised network traffic classification},
  author={Erman, Jeffrey and Mahanti, Anirban and Arlitt, Martin and Cohen, Ira and Williamson, Carey},
  booktitle={ACM SIGMETRICS Performance Evaluation Review},
  volume={35},
  number={1},
  pages={369--370},
  year={2007},
  organization={ACM}
}

@article{peddabachigari2007modeling,
  title={Modeling intrusion detection system using hybrid intelligent systems},
  author={Peddabachigari, Sandhya and Abraham, Ajith and Grosan, Crina and Thomas, Johnson},
  journal={Journal of network and computer applications},
  volume={30},
  number={1},
  pages={114--132},
  year={2007},
  publisher={Elsevier}
}

@Article{Babbage:1910:BBA,
  author =       "H. P. Babbage",
  title =        "{Babbage}: {Babbage}'s analytical engine",
  journal =      j-MONTHLY-NOT-ROY-ASTRON-SOC,
  volume =       "70",
  number =       "??",
  pages =        "517--526, 645",
  year =         "1910",
  CODEN =        "MNRAA4",
  ISSN =         "0035-8711",
  bibdate =      "Wed Oct 13 11:12:08 2010",
  bibsource =    "http://www.math.utah.edu/pub/tex/bib/master.bib",
  note =         "Reprinted in \cite[\S 2.3]{Randell:1982:ODC}.",
  acknowledgement = ack-nhfb,
  fjournal =     "Monthly Notices of the Royal Astronomical Society",
}

@Article{Beebe:1989:PCP,
  author =       "Nelson H. F. Beebe and R. P. C. Rodgers",
  title =        "{$<$PLOT79$>$}: a comprehensive portable {Fortran}
                 scientific line graphics system, as applied to
                 biomedical research",
  journal =      j-CBM,
  volume =       "19",
  number =       "6",
  pages =        "385--402",
  year =         "1989",
  bibsource =    "http://www.math.utah.edu/pub/tex/bib/master.bib",
  acknowledgement = ack-nhfb,
}
@inproceedings{thang2011anomaly,
  title={The anomaly detection by using dbscan clustering with multiple parameters},
  author={Thang, Tran Manh and Kim, Juntae},
  booktitle={Information Science and Applications (ICISA), 2011 International Conference on},
  pages={1--5},
  year={2011},
  organization={IEEE}
}
@Inbook{Johnson2000,
author="Johnson, Erik L.
and Kargupta, Hillol",
editor="Zaki, Mohammed J.
and Ho, Ching-Tien",
title="Collective, Hierarchical Clustering from Distributed, Heterogeneous Data",
bookTitle="Large-Scale Parallel Data Mining",
year="2000",
publisher="Springer Berlin Heidelberg",
address="Berlin, Heidelberg",
pages="221--244",
abstract="This paper presents the Collective Hierarchical Clustering (CHC) algorithm for analyzing distributed, heterogeneous data. This algorithm first generates local cluster models and then combines them to generate the global cluster model of the data. The proposed algorithm runs in O(|S|n                        2) time, with a O(|S|n) space requirement and O(n) communication requirement, where n is the number of elements in the data set and |S| is the number of data sites. This approach shows significant improvement over naive methods with O(n                        2) communication costs in the case that the entire distance matrix is transmitted and O(nm) communication costs to centralize the data, where m is the total number of features. A specific implementation based on the single link clustering and results comparing its performance with that of a centralized clustering algorithm are presented. An analysis of the algorithm complexity, in terms of overall computation time and communication requirements, is presented.",
isbn="978-3-540-46502-7",
doi="10.1007/3-540-46502-2_12",
url="https://doi.org/10.1007/3-540-46502-2_12"
}

@PhdThesis{Bohr:1911:SME,
  author =       "Niels Henrik David Bohr",
  title =        "{Studier over Metallernes Elektronteori}. ({Danish})
                 [{Studies} on the electron theory of metals]",
  type =         "Doktor disputats",
  school =       "K{\o}benhavns Universitet",
  address =      "K{\o}benhavn, Danmark",
  pages =        "120",
  year =         "1911",
  bibdate =      "Thu Apr 28 19:17:17 2011",
  bibsource =    "http://www.math.utah.edu/pub/bibnet/authors/b/bohr-niels.bib",
  note =         "Afhandling for den filosofiske doktorgrad. [Thesis for
                 the Doctor of Philosophy.]",
  URL =          "http://genealogy.math.ndsu.nodak.edu/id.php?id=105783;
                 http://www.nba.nbi.dk/bohr1911a.jpg;
                 http://www.nba.nbi.dk/bohr1911c.jpg",
  acknowledgement = ack-nhfb,
  advisor =      "Christian Christiansen",
  language =     "Danish",
  remark =       "Bohr was unsuccessful in getting an English
                 translation of this thesis published by Cambridge
                 University Press in 1911--1912; it was rejected because
                 of its length \cite[pp. 229--230]{Heilbron:1969:GBA}.",
}

@article{kuhn1955hungarian,
  title={The Hungarian method for the assignment problem},
  author={Kuhn, Harold W},
  journal={Naval Research Logistics (NRL)},
  volume={2},
  number={1-2},
  pages={83--97},
  year={1955},
  publisher={Wiley Online Library}
}

@Article{Cody:1981:APF,
  author =       "William J. {Cody, Jr.}",
  title =        "Analysis of Proposals for the Floating-Point
                 Standard",
  journal =      j-COMPUTER,
  volume =       "14",
  number =       "3",
  pages =        "63--69",
  month =        mar,
  year =         "1981",
  bibdate =      "Sun May 2 07:47:15 1999",
  bibsource =    "http://www.math.utah.edu/pub/tex/bib/master.bib",
  acknowledgement = ack-nhfb,
}
